% Encoding: UTF-8

@Online{PostgresVacuum,
  author = {{The PostgreSQL Global Development Group}},
  title  = {PostgreSQL: Documentation: 12: VACUUM},
  url    = {https://www.postgresql.org/docs/12/sql-vacuum.html},
}

@Online{SpotifyWebApi,
  author = {{Spotify AB}},
  title  = {Web API | Spotify for Developers},
  url    = {https://developer.spotify.com/documentation/web-api/},
}

@Online{SpotifyWebPlaybackSdk,
  author = {{Spotify AB}},
  title  = {Web Playback SDK | Spotify for Developers},
  url    = {https://developer.spotify.com/documentation/web-playback-sdk/},
}

@Online{SpringReactive,
  author = {{VMware, Inc}},
  title  = {Spring | Reactive},
  url    = {https://spring.io/reactive},
}

@Comment{jabref-meta: databaseType:biblatex;}

@Comment{jabref-meta: saveOrderConfig:specified;entrytype;false;year;false;citationkey;false;}
